<?xml version="1.0" encoding="UTF-8"?><record xmlns="http://www.loc.gov/MARC21/slim" xmlns:cinclude="http://apache.org/cocoon/include/1.0" xmlns:zs="http://www.loc.gov/zing/srw/">
  <leader>00416cz  a2200133n  4500</leader>
  <controlfield tag="001">n  88058265 </controlfield>
  <controlfield tag="003">DLC</controlfield>
  <controlfield tag="005">20020424051911.0</controlfield>
  <controlfield tag="008">880815n| acannaab|          |n aaa     c</controlfield>
  <datafield tag="010" ind1=" " ind2=" ">
    <subfield code="a">n  88058265 </subfield>
  </datafield>
  <datafield tag="040" ind1=" " ind2=" ">
    <subfield code="a">MdU</subfield>
    <subfield code="c">DLC</subfield>
    <subfield code="d">DLC</subfield>
    <subfield code="d">Uk</subfield>
  </datafield>
  <datafield tag="100" ind1="1" ind2="0">
    <subfield code="a">Sherman, James,</subfield>
    <subfield code="d">1796-1862</subfield>
  </datafield>
  <datafield tag="670" ind1=" " ind2=" ">
    <subfield code="a">His The duty of Christians towards the intemperate, 1839:</subfield>
    <subfield code="b">t.p. (the Rev. James Sherman)</subfield>
  </datafield>
  <datafield tag="670" ind1=" " ind2=" ">
    <subfield code="a">NUC pre-56</subfield>
    <subfield code="b">(Sherman, James, 1796-1862)</subfield>
  </datafield>
</record>